<record xmlns="http://www.loc.gov/MARC21/slim">
   <leader>01617nam a2200409oi 4500</leader>
   <controlfield tag="001">6811226</controlfield>
   <controlfield tag="003">CaONFJC</controlfield>
   <controlfield tag="005">20150219105249.0</controlfield>
   <controlfield tag="006">m        d        </controlfield>
   <controlfield tag="007">cr||n|||||||||</controlfield>
   <controlfield tag="008">150126s2015    enk     o     000 0 eng d</controlfield>
   <datafield ind1=" " ind2=" " tag="020">
      <subfield code="a">9781137338211</subfield>
      <subfield code="q">electronic bk.</subfield>
   </datafield>
   <datafield ind1=" " ind2=" " tag="020">
      <subfield code="a">1137338210</subfield>
      <subfield code="q">electronic bk.</subfield>
   </datafield>
   <datafield ind1=" " ind2=" " tag="020">
      <subfield code="a">9781322967295 (MyiLibrary)</subfield>
   </datafield>
   <datafield ind1=" " ind2=" " tag="037">
      <subfield code="a">728011</subfield>
      <subfield code="b">MIL</subfield>
   </datafield>
   <datafield ind1=" " ind2=" " tag="039">
      <subfield code="a">exclude</subfield>
   </datafield>
   <datafield ind1=" " ind2=" " tag="040">
      <subfield code="a">CaONFJC</subfield>
      <subfield code="c">CaONFJC</subfield>
      <subfield code="e">rda</subfield>
      <subfield code="d">AEU</subfield>
   </datafield>
   <datafield ind1=" " ind2="4" tag="050">
      <subfield code="a">GT498.B55</subfield>
   </datafield>
   <datafield ind1="0" ind2="4" tag="082">
      <subfield code="a">573.1/50148</subfield>
      <subfield code="2">23</subfield>
   </datafield>
   <datafield ind1=" " ind2=" " tag="090">
      <subfield code="a">Internet Access</subfield>
      <subfield code="b">AEGMCT</subfield>
   </datafield>
   <datafield ind1=" " ind2=" " tag="091">
      <subfield code="a">DO NOT ADD TO THIS RECORD - PSA PROJECT</subfield>
   </datafield>
   <datafield ind1="0" ind2="4" tag="245">
      <subfield code="a">The cultural politics of blood, 1500-1900</subfield>
      <subfield code="h">[electronic resource] /</subfield>
      <subfield code="c">edited by Kimberly Anne Coles, Ralph Bauer, Zita Nunes and Carla L. Peterson.</subfield>
   </datafield>
   <datafield ind1=" " ind2="1" tag="264">
      <subfield code="a">[Basingstoke] :</subfield>
      <subfield code="b">Palgrave Macmillan,</subfield>
      <subfield code="c">2015.</subfield>
   </datafield>
   <datafield ind1=" " ind2=" " tag="300">
      <subfield code="a">1 online resource (1 online resource.)</subfield>
   </datafield>
   <datafield ind1=" " ind2=" " tag="336">
      <subfield code="a">text</subfield>
      <subfield code="b">txt</subfield>
      <subfield code="2">rdacontent</subfield>
   </datafield>
   <datafield ind1=" " ind2=" " tag="337">
      <subfield code="a">computer</subfield>
      <subfield code="b">c</subfield>
      <subfield code="2">rdamedia</subfield>
   </datafield>
   <datafield ind1=" " ind2=" " tag="338">
      <subfield code="a">online resource</subfield>
      <subfield code="b">cr</subfield>
      <subfield code="2">rdacarrier</subfield>
   </datafield>
   <datafield ind1=" " ind2=" " tag="506">
      <subfield code="a">Access restricted to authorized users and institutions.</subfield>
   </datafield>
   <datafield ind1=" " ind2=" " tag="588">
      <subfield code="a">Description based on print version record.</subfield>
   </datafield>
   <datafield ind1=" " ind2=" " tag="596">
      <subfield code="a">57</subfield>
   </datafield>
   <datafield ind1=" " ind2="0" tag="650">
      <subfield code="a">Blood</subfield>
      <subfield code="x">Symbolic aspects</subfield>
      <subfield code="x">History.</subfield>
   </datafield>
   <datafield ind1=" " ind2="0" tag="650">
      <subfield code="a">Blood</subfield>
      <subfield code="x">Religious aspects</subfield>
      <subfield code="x">History.</subfield>
   </datafield>
   <datafield ind1=" " ind2="0" tag="650">
      <subfield code="a">Blood in literature.</subfield>
   </datafield>
   <datafield ind1="1" ind2=" " tag="700">
      <subfield code="a">Coles, Kimberly Anne,</subfield>
      <subfield code="d">1966-</subfield>
      <subfield code="e">editor.</subfield>
   </datafield>
   <datafield ind1="4" ind2="0" tag="856">
      <subfield code="3">MacEwan University Access</subfield>
      <subfield code="u">http://lib.myilibrary.com/detail.asp?ID=728011</subfield>
      <subfield code="z">(Single User Access)</subfield>
   </datafield>
   <datafield ind1=" " ind2=" " tag="949">
      <subfield code="w">ORDER</subfield>
      <subfield code="h">UAIN</subfield>
      <subfield code="m">GR_MAC_INT</subfield>
      <subfield code="z">MILGMPSA</subfield>
   </datafield>
   <datafield ind1=" " ind2=" " tag="926">
      <subfield code="a">Internet Access</subfield>
      <subfield code="w">ORDER</subfield>
      <subfield code="c">1</subfield>
      <subfield code="i">6811226-1001</subfield>
      <subfield code="l">INTERNET</subfield>
      <subfield code="m">GR_MAC_INT</subfield>
      <subfield code="r">Y</subfield>
      <subfield code="s">Y</subfield>
      <subfield code="t">E-RESOURCE</subfield>
      <subfield code="u">2/24/2015</subfield>
      <subfield code="x">E-BOOK</subfield>
      <subfield code="z">MILGMPSA</subfield>
   </datafield>
</record>
